@manual{vectrex:manual,
	title={Service Manual HP-3000: Vectrex Arcade System},
	organization={{General Consumer Electronics, Inc.}},
	address={Santa Monica, CA},
	year={1982},
}

@book{wolf:medium,
  title={The Medium of the Video Game},
  author={Wolf, Mark J. P.},
  year={2001},
	pages={20--21},
	address={Austin, TX},
  publisher={University of Texas Press}
}

@book{wolf:pong,
  title={The Video Game Explosion: a History from Pong to Playstation and Beyond},
  author={Wolf, Mark J. P.},
  year={2008},
	address={Westport, CT},
  publisher={Greenwood Press}
}

@book{perron:theory,
  title={The Video Game Theory Reader 2},
  author={Perron, Bernard and Wolf, Mark J. P.},
  year={2009},
	pages={152-156},
	address={New York, NY},
  publisher={Routledge}
}

@book{kent:ultimate,
  title={The Ultimate History of Video Games: From Pong to Pok{\'e}mon and Beyond : The Story Behind the Craze that Touched Our Lives and Changed the World},
  author={Kent, S. L.},
  year={2001},
	address={New York, NY},
  publisher={Three Rivers Press}
}

@book{baer:supercade,
  title={Supercade: A Visual History of the Videogame Age, 1971-1984},
  author={Burnham, Van},
  year={2001},
	pages={289},
	address={Cambridge, MA},
  publisher={MIT Press}
}

@book{montfort:beam,
  title={Racing the Beam: The Atari Video Computer System},
  author={Montfort, Nick and Bogost, Ian},
  year={2009},
	pages={24,62},
	address={Cambridge, MA},
  publisher={MIT Press}
}

@article{defanti:impact,
  title={The Mass Impact of Videogame Technology},
  author={DeFanti, Thomas A.},
  journal={Advances in Computers},
  volume={23},
  pages={93--140},
  year={1984}
}

@article{montfort:random,
author={Montfort, Nick and Bogost, Ian},
journal={Annals of the History of Computing, IEEE},
title={Random and Raster: Display Technologies and the Development of Videogames},
year={2009},
volume={31},
number={3},
pages={34-43},
}

@inproceedings{zachara:stereo,
  title={Challenges for Success in Stereo Gaming: a Virtual Boy Case Study},
  author={Zachara, Matt and Zagal, Jos{\'e} P},
  booktitle={Proceedings of the international conference on Advances in Computer Enterntainment Technology},
  pages={99--106},
	address={Athens, Greece},
  year={2009},
}

@inproceedings{ernkvist:crash,
  title={Down Many Times, but Still Playing the Game: Creative Destruction and Industry Crashes in the Early Video Game Industry 1970-1986},
  author={Ernkvist, Mirko},
	address={Helsinki, Finland},
  booktitle={XIV International Economic History Congress},
  year={2006}
}

@misc{vectrex:advert,
title={{Vectrex Images: Ads}},
author={{Vectrex World}},
year={2014},
howpublished={[Online]. Available: \url{http://www.vectrexworld.com/#!vectrex-pg3.jpg/zoom/cady/image1epr}},
note={[Accessed: 31-Oct-2015]}
}

